    @TECHREPORT{selfref,
        author = {Vorname1 Nachname1 and Vorname2 Nachname2 and Vorname3 Nachname3 and Vorname4 Nachname4 and Vorname5 Nachname5 and Christoph P. Neumann},
        title  = {\cstechrepTitleBib},
        institution = {\cstechrepInstitution, \cstechrepDepartment},
        type   = {\cstechrepType},
        number = {\cstechrepNumber},
        year   = {2024},
        month  = {11},
        langid  = {english},
    }
